%YAML 1.1
%TAG !u! tag:unity3d.com,2011:
--- !u!29 &1
SceneSettings:
  m_ObjectHideFlags: 0
  m_PVSData: 
  m_PVSObjectsArray: []
  m_PVSPortalsArray: []
  m_OcclusionBakeSettings:
    smallestOccluder: 5
    smallestHole: .25
    backfaceThreshold: 100
--- !u!104 &2
RenderSettings:
  m_ObjectHideFlags: 0
  serializedVersion: 6
  m_Fog: 0
  m_FogColor: {r: .5, g: .5, b: .5, a: 1}
  m_FogMode: 3
  m_FogDensity: .00999999978
  m_LinearFogStart: 0
  m_LinearFogEnd: 300
  m_AmbientSkyColor: {r: .211999997, g: .226999998, b: .259000003, a: 1}
  m_AmbientEquatorColor: {r: .114, g: .125, b: .133000001, a: 1}
  m_AmbientGroundColor: {r: .0469999984, g: .0430000015, b: .0350000001, a: 1}
  m_AmbientIntensity: 1
  m_AmbientMode: 3
  m_SkyboxMaterial: {fileID: 0}
  m_HaloStrength: .5
  m_FlareStrength: 1
  m_FlareFadeSpeed: 3
  m_HaloTexture: {fileID: 0}
  m_SpotCookie: {fileID: 10001, guid: 0000000000000000e000000000000000, type: 0}
  m_DefaultReflectionMode: 0
  m_DefaultReflectionResolution: 128
  m_ReflectionBounces: 1
  m_ReflectionIntensity: 1
  m_CustomReflection: {fileID: 0}
  m_Sun: {fileID: 0}
--- !u!127 &3
LevelGameManager:
  m_ObjectHideFlags: 0
--- !u!157 &4
LightmapSettings:
  m_ObjectHideFlags: 0
  serializedVersion: 5
  m_GIWorkflowMode: 1
  m_LightmapsMode: 1
  m_GISettings:
    serializedVersion: 2
    m_BounceScale: 1
    m_IndirectOutputScale: 1
    m_AlbedoBoost: 1
    m_TemporalCoherenceThreshold: 1
    m_EnvironmentLightingMode: 0
    m_EnableBakedLightmaps: 0
    m_EnableRealtimeLightmaps: 0
  m_LightmapEditorSettings:
    serializedVersion: 3
    m_Resolution: 2
    m_BakeResolution: 40
    m_TextureWidth: 1024
    m_TextureHeight: 1024
    m_AOMaxDistance: 1
    m_Padding: 2
    m_CompAOExponent: 0
    m_LightmapParameters: {fileID: 0}
    m_TextureCompression: 1
    m_FinalGather: 0
    m_FinalGatherRayCount: 1024
  m_LightmapSnapshot: {fileID: 0}
  m_RuntimeCPUUsage: 25
--- !u!196 &5
NavMeshSettings:
  serializedVersion: 2
  m_ObjectHideFlags: 0
  m_BuildSettings:
    serializedVersion: 2
    agentRadius: .5
    agentHeight: 2
    agentSlope: 45
    agentClimb: .400000006
    ledgeDropHeight: 0
    maxJumpAcrossDistance: 0
    accuratePlacement: 0
    minRegionArea: 2
    cellSize: .166666672
    manualCellSize: 0
  m_NavMeshData: {fileID: 0}
--- !u!1 &13662959 stripped
GameObject:
  m_PrefabParentObject: {fileID: 139946, guid: 1cdf88d63ff8d154cbf3a20bb6db8b00, type: 2}
  m_PrefabInternal: {fileID: 2024644044}
--- !u!1 &17069812
GameObject:
  m_ObjectHideFlags: 0
  m_PrefabParentObject: {fileID: 0}
  m_PrefabInternal: {fileID: 0}
  serializedVersion: 4
  m_Component:
  - 4: {fileID: 17069813}
  - 23: {fileID: 17069816}
  - 102: {fileID: 17069815}
  - 114: {fileID: 17069814}
  m_Layer: 0
  m_Name: ScoreLabel
  m_TagString: Untagged
  m_Icon: {fileID: 0}
  m_NavMeshLayer: 0
  m_StaticEditorFlags: 0
  m_IsActive: 1
--- !u!4 &17069813
Transform:
  m_ObjectHideFlags: 0
  m_PrefabParentObject: {fileID: 0}
  m_PrefabInternal: {fileID: 0}
  m_GameObject: {fileID: 17069812}
  m_LocalRotation: {x: 0, y: 0, z: 0, w: 1}
  m_LocalPosition: {x: -2, y: 2.75, z: 0}
  m_LocalScale: {x: .100000001, y: .100000001, z: .100000001}
  m_Children: []
  m_Father: {fileID: 779826093}
  m_RootOrder: 1
--- !u!114 &17069814
MonoBehaviour:
  m_ObjectHideFlags: 0
  m_PrefabParentObject: {fileID: 0}
  m_PrefabInternal: {fileID: 0}
  m_GameObject: {fileID: 17069812}
  m_Enabled: 1
  m_EditorHideFlags: 0
  m_Script: {fileID: 11500000, guid: 5386bfcdc63720a44af7c4057e3910ff, type: 3}
  m_Name: 
  m_EditorClassIdentifier: 
--- !u!102 &17069815
TextMesh:
  serializedVersion: 3
  m_ObjectHideFlags: 0
  m_PrefabParentObject: {fileID: 0}
  m_PrefabInternal: {fileID: 0}
  m_GameObject: {fileID: 17069812}
  m_Text: 'Score:'
  m_OffsetZ: 0
  m_CharacterSize: 1
  m_LineSpacing: 1
  m_Anchor: 3
  m_Alignment: 0
  m_TabSize: 4
  m_FontSize: 35
  m_FontStyle: 0
  m_RichText: 1
  m_Font: {fileID: 12800000, guid: be0dcac79f9aa064fac182dc4d2439a7, type: 3}
  m_Color:
    serializedVersion: 2
    rgba: 4294967295
--- !u!23 &17069816
MeshRenderer:
  m_ObjectHideFlags: 0
  m_PrefabParentObject: {fileID: 0}
  m_PrefabInternal: {fileID: 0}
  m_GameObject: {fileID: 17069812}
  m_Enabled: 1
  m_CastShadows: 1
  m_ReceiveShadows: 1
  m_Materials:
  - {fileID: 2100000, guid: be0dcac79f9aa064fac182dc4d2439a7, type: 3}
  m_SubsetIndices: 
  m_StaticBatchRoot: {fileID: 0}
  m_UseLightProbes: 1
  m_ReflectionProbeUsage: 1
  m_ProbeAnchor: {fileID: 0}
  m_ScaleInLightmap: 1
  m_PreserveUVs: 0
  m_ImportantGI: 0
  m_AutoUVMaxDistance: .5
  m_AutoUVMaxAngle: 89
  m_LightmapParameters: {fileID: 0}
  m_SortingLayerID: 0
  m_SortingOrder: 0
--- !u!1 &101649015
GameObject:
  m_ObjectHideFlags: 0
  m_PrefabParentObject: {fileID: 0}
  m_PrefabInternal: {fileID: 0}
  serializedVersion: 4
  m_Component:
  - 4: {fileID: 101649016}
  - 114: {fileID: 101649017}
  m_Layer: 0
  m_Name: HumanView
  m_TagString: Untagged
  m_Icon: {fileID: 0}
  m_NavMeshLayer: 0
  m_StaticEditorFlags: 0
  m_IsActive: 1
--- !u!4 &101649016
Transform:
  m_ObjectHideFlags: 0
  m_PrefabParentObject: {fileID: 0}
  m_PrefabInternal: {fileID: 0}
  m_GameObject: {fileID: 101649015}
  m_LocalRotation: {x: 0, y: 0, z: 0, w: 1}
  m_LocalPosition: {x: 0, y: 0, z: 0}
  m_LocalScale: {x: 1, y: 1, z: 1}
  m_Children: []
  m_Father: {fileID: 1836480267}
  m_RootOrder: 1
--- !u!114 &101649017
MonoBehaviour:
  m_ObjectHideFlags: 0
  m_PrefabParentObject: {fileID: 0}
  m_PrefabInternal: {fileID: 0}
  m_GameObject: {fileID: 101649015}
  m_Enabled: 1
  m_EditorHideFlags: 0
  m_Script: {fileID: 11500000, guid: e44f31c7f87c1c54cad0a893f3391e86, type: 3}
  m_Name: 
  m_EditorClassIdentifier: 
  EnableInteraction: 1
  EnableDrag: 0
  DragTopY: 0
  DragBotY: 0
  TouchNumber: 1
  TouchAnimation: 0
--- !u!1 &123790282 stripped
GameObject:
  m_PrefabParentObject: {fileID: 139946, guid: 1cdf88d63ff8d154cbf3a20bb6db8b00, type: 2}
  m_PrefabInternal: {fileID: 1206401652}
--- !u!4 &123790283 stripped
Transform:
  m_PrefabParentObject: {fileID: 442178, guid: 1cdf88d63ff8d154cbf3a20bb6db8b00, type: 2}
  m_PrefabInternal: {fileID: 1206401652}
--- !u!1 &224262271
GameObject:
  m_ObjectHideFlags: 0
  m_PrefabParentObject: {fileID: 0}
  m_PrefabInternal: {fileID: 0}
  serializedVersion: 4
  m_Component:
  - 4: {fileID: 224262272}
  - 114: {fileID: 224262273}
  m_Layer: 0
  m_Name: ArcadeEndSceneLogic
  m_TagString: Untagged
  m_Icon: {fileID: 0}
  m_NavMeshLayer: 0
  m_StaticEditorFlags: 0
  m_IsActive: 1
--- !u!4 &224262272
Transform:
  m_ObjectHideFlags: 0
  m_PrefabParentObject: {fileID: 0}
  m_PrefabInternal: {fileID: 0}
  m_GameObject: {fileID: 224262271}
  m_LocalRotation: {x: 0, y: 0, z: 0, w: 1}
  m_LocalPosition: {x: 0, y: 0, z: 0}
  m_LocalScale: {x: 1, y: 1, z: 1}
  m_Children: []
  m_Father: {fileID: 1836480267}
  m_RootOrder: 2
--- !u!114 &224262273
MonoBehaviour:
  m_ObjectHideFlags: 0
  m_PrefabParentObject: {fileID: 0}
  m_PrefabInternal: {fileID: 0}
  m_GameObject: {fileID: 224262271}
  m_Enabled: 1
  m_EditorHideFlags: 0
  m_Script: {fileID: 11500000, guid: 9bc37d076be98c346b8e5be329c96aa7, type: 3}
  m_Name: 
  m_EditorClassIdentifier: 
  ScoreValueGO: {fileID: 1888753163}
  BestScoreValueGO: {fileID: 1396209155}
  AnimationGroupGO: {fileID: 779826092}
  PerformanceGraphGO: {fileID: 895132090}
  InfoLabelGO: {fileID: 422601469}
  BlurLayerGO: {fileID: 1064913920}
  MainLayerGO: {fileID: 858806331}
  NoviceBlur: {fileID: 21300000, guid: 61a912aa57b55a0438d37ae11fb13234, type: 3}
  NoviceMain: {fileID: 21300000, guid: be6e36a057b0c9a4ba5743c2902d5c8b, type: 3}
  RatherGoodBlur: {fileID: 21300000, guid: 61a912aa57b55a0438d37ae11fb13234, type: 3}
  RatherGoodMain: {fileID: 21300000, guid: efcdbaaa50dc08a4795a1654c76fb225, type: 3}
  PianistBlur: {fileID: 21300000, guid: 61a912aa57b55a0438d37ae11fb13234, type: 3}
  PianistMain: {fileID: 21300000, guid: d18cc81243060344d92616672fe74e1b, type: 3}
  GeniusBlur: {fileID: 21300000, guid: 61a912aa57b55a0438d37ae11fb13234, type: 3}
  GeniusMain: {fileID: 21300000, guid: a6d33006a0027c54b89b83cfce8489c6, type: 3}
  LegendaryBlur: {fileID: 21300000, guid: 61a912aa57b55a0438d37ae11fb13234, type: 3}
  LegendaryMain: {fileID: 21300000, guid: 10bf0ac56e365c14dba004a51de3f6e8, type: 3}
  GodlikeBlur: {fileID: 21300000, guid: 61a912aa57b55a0438d37ae11fb13234, type: 3}
  GodlikeMain: {fileID: 21300000, guid: 189c5cd9ea77859479d444e855c9db66, type: 3}
  FreezeBlur: {fileID: 21300000, guid: 42f6f08bdae4bb340ac4e6338d0a99f5, type: 3}
  FreezeMain: {fileID: 21300000, guid: 550a734deece1334586d18dcbca6fa0e, type: 3}
  ZenBlur: {fileID: 21300000, guid: 1cdf3ff482959bb4b9db376bb706c044, type: 3}
  ZenMain: {fileID: 21300000, guid: 47dc27cff2f195744baea8ccee6058e7, type: 3}
  MirrorBlur: {fileID: 21300000, guid: ceb38ca48438a024eb5c0f2b8cc1f748, type: 3}
  MirrorMain: {fileID: 21300000, guid: f9ece1d9609407741ae15f37158a170b, type: 3}
--- !u!1 &275581019
GameObject:
  m_ObjectHideFlags: 0
  m_PrefabParentObject: {fileID: 0}
  m_PrefabInternal: {fileID: 0}
  serializedVersion: 4
  m_Component:
  - 4: {fileID: 275581020}
  - 23: {fileID: 275581023}
  - 102: {fileID: 275581022}
  - 114: {fileID: 275581021}
  m_Layer: 0
  m_Name: RecentPerformanceLabel
  m_TagString: Untagged
  m_Icon: {fileID: 0}
  m_NavMeshLayer: 0
  m_StaticEditorFlags: 0
  m_IsActive: 1
--- !u!4 &275581020
Transform:
  m_ObjectHideFlags: 0
  m_PrefabParentObject: {fileID: 0}
  m_PrefabInternal: {fileID: 0}
  m_GameObject: {fileID: 275581019}
  m_LocalRotation: {x: 0, y: 0, z: 0, w: 1}
  m_LocalPosition: {x: 0, y: .75, z: 0}
  m_LocalScale: {x: .100000001, y: .100000001, z: .100000001}
  m_Children: []
  m_Father: {fileID: 779826093}
  m_RootOrder: 6
--- !u!114 &275581021
MonoBehaviour:
  m_ObjectHideFlags: 0
  m_PrefabParentObject: {fileID: 0}
  m_PrefabInternal: {fileID: 0}
  m_GameObject: {fileID: 275581019}
  m_Enabled: 1
  m_EditorHideFlags: 0
  m_Script: {fileID: 11500000, guid: 5386bfcdc63720a44af7c4057e3910ff, type: 3}
  m_Name: 
  m_EditorClassIdentifier: 
--- !u!102 &275581022
TextMesh:
  serializedVersion: 3
  m_ObjectHideFlags: 0
  m_PrefabParentObject: {fileID: 0}
  m_PrefabInternal: {fileID: 0}
  m_GameObject: {fileID: 275581019}
  m_Text: Recent performance
  m_OffsetZ: 0
  m_CharacterSize: 1
  m_LineSpacing: 1
  m_Anchor: 4
  m_Alignment: 1
  m_TabSize: 4
  m_FontSize: 30
  m_FontStyle: 0
  m_RichText: 1
  m_Font: {fileID: 12800000, guid: be0dcac79f9aa064fac182dc4d2439a7, type: 3}
  m_Color:
    serializedVersion: 2
    rgba: 4294967295
--- !u!23 &275581023
MeshRenderer:
  m_ObjectHideFlags: 0
  m_PrefabParentObject: {fileID: 0}
  m_PrefabInternal: {fileID: 0}
  m_GameObject: {fileID: 275581019}
  m_Enabled: 1
  m_CastShadows: 1
  m_ReceiveShadows: 1
  m_Materials:
  - {fileID: 2100000, guid: be0dcac79f9aa064fac182dc4d2439a7, type: 3}
  m_SubsetIndices: 
  m_StaticBatchRoot: {fileID: 0}
  m_UseLightProbes: 1
  m_ReflectionProbeUsage: 1
  m_ProbeAnchor: {fileID: 0}
  m_ScaleInLightmap: 1
  m_PreserveUVs: 0
  m_ImportantGI: 0
  m_AutoUVMaxDistance: .5
  m_AutoUVMaxAngle: 89
  m_LightmapParameters: {fileID: 0}
  m_SortingLayerID: 0
  m_SortingOrder: 0
--- !u!1 &422601469
GameObject:
  m_ObjectHideFlags: 0
  m_PrefabParentObject: {fileID: 0}
  m_PrefabInternal: {fileID: 0}
  serializedVersion: 4
  m_Component:
  - 4: {fileID: 422601470}
  - 23: {fileID: 422601473}
  - 102: {fileID: 422601472}
  - 114: {fileID: 422601471}
  m_Layer: 0
  m_Name: InfoLabel
  m_TagString: Untagged
  m_Icon: {fileID: 0}
  m_NavMeshLayer: 0
  m_StaticEditorFlags: 0
  m_IsActive: 1
--- !u!4 &422601470
Transform:
  m_ObjectHideFlags: 0
  m_PrefabParentObject: {fileID: 0}
  m_PrefabInternal: {fileID: 0}
  m_GameObject: {fileID: 422601469}
  m_LocalRotation: {x: 0, y: 0, z: 0, w: 1}
  m_LocalPosition: {x: 0, y: 1.35000002, z: 0}
  m_LocalScale: {x: .100000001, y: .100000001, z: .100000001}
  m_Children: []
  m_Father: {fileID: 779826093}
  m_RootOrder: 5
--- !u!114 &422601471
MonoBehaviour:
  m_ObjectHideFlags: 0
  m_PrefabParentObject: {fileID: 0}
  m_PrefabInternal: {fileID: 0}
  m_GameObject: {fileID: 422601469}
  m_Enabled: 1
  m_EditorHideFlags: 0
  m_Script: {fileID: 11500000, guid: 5386bfcdc63720a44af7c4057e3910ff, type: 3}
  m_Name: 
  m_EditorClassIdentifier: 
--- !u!102 &422601472
TextMesh:
  serializedVersion: 3
  m_ObjectHideFlags: 0
  m_PrefabParentObject: {fileID: 0}
  m_PrefabInternal: {fileID: 0}
  m_GameObject: {fileID: 422601469}
  m_Text: 'This score ranks ##

    in ## recent scores.'
  m_OffsetZ: 0
  m_CharacterSize: 1
  m_LineSpacing: 1
  m_Anchor: 4
  m_Alignment: 1
  m_TabSize: 4
  m_FontSize: 30
  m_FontStyle: 0
  m_RichText: 1
  m_Font: {fileID: 12800000, guid: be0dcac79f9aa064fac182dc4d2439a7, type: 3}
  m_Color:
    serializedVersion: 2
    rgba: 4294967295
--- !u!23 &422601473
MeshRenderer:
  m_ObjectHideFlags: 0
  m_PrefabParentObject: {fileID: 0}
  m_PrefabInternal: {fileID: 0}
  m_GameObject: {fileID: 422601469}
  m_Enabled: 1
  m_CastShadows: 1
  m_ReceiveShadows: 1
  m_Materials:
  - {fileID: 2100000, guid: be0dcac79f9aa064fac182dc4d2439a7, type: 3}
  m_SubsetIndices: 
  m_StaticBatchRoot: {fileID: 0}
  m_UseLightProbes: 1
  m_ReflectionProbeUsage: 1
  m_ProbeAnchor: {fileID: 0}
  m_ScaleInLightmap: 1
  m_PreserveUVs: 0
  m_ImportantGI: 0
  m_AutoUVMaxDistance: .5
  m_AutoUVMaxAngle: 89
  m_LightmapParameters: {fileID: 0}
  m_SortingLayerID: 0
  m_SortingOrder: 0
--- !u!1001 &746232366
Prefab:
  m_ObjectHideFlags: 0
  serializedVersion: 2
  m_Modification:
    m_TransformParent: {fileID: 1315419032}
    m_Modifications:
    - target: {fileID: 442178, guid: 1cdf88d63ff8d154cbf3a20bb6db8b00, type: 2}
      propertyPath: m_LocalPosition.x
      value: .699404776
      objectReference: {fileID: 0}
    - target: {fileID: 442178, guid: 1cdf88d63ff8d154cbf3a20bb6db8b00, type: 2}
      propertyPath: m_LocalPosition.y
      value: 0
      objectReference: {fileID: 0}
    - target: {fileID: 442178, guid: 1cdf88d63ff8d154cbf3a20bb6db8b00, type: 2}
      propertyPath: m_LocalPosition.z
      value: 0
      objectReference: {fileID: 0}
    - target: {fileID: 442178, guid: 1cdf88d63ff8d154cbf3a20bb6db8b00, type: 2}
      propertyPath: m_LocalRotation.x
      value: 0
      objectReference: {fileID: 0}
    - target: {fileID: 442178, guid: 1cdf88d63ff8d154cbf3a20bb6db8b00, type: 2}
      propertyPath: m_LocalRotation.y
      value: 0
      objectReference: {fileID: 0}
    - target: {fileID: 442178, guid: 1cdf88d63ff8d154cbf3a20bb6db8b00, type: 2}
      propertyPath: m_LocalRotation.z
      value: 0
      objectReference: {fileID: 0}
    - target: {fileID: 442178, guid: 1cdf88d63ff8d154cbf3a20bb6db8b00, type: 2}
      propertyPath: m_LocalRotation.w
      value: 1
      objectReference: {fileID: 0}
    - target: {fileID: 442178, guid: 1cdf88d63ff8d154cbf3a20bb6db8b00, type: 2}
      propertyPath: m_RootOrder
      value: 1
      objectReference: {fileID: 0}
    - target: {fileID: 139946, guid: 1cdf88d63ff8d154cbf3a20bb6db8b00, type: 2}
      propertyPath: m_Name
      value: BtnTwitterShare
      objectReference: {fileID: 0}
    - target: {fileID: 11431912, guid: 1cdf88d63ff8d154cbf3a20bb6db8b00, type: 2}
      propertyPath: TileOrgFirstColor.g
      value: .674509823
      objectReference: {fileID: 0}
    - target: {fileID: 11431912, guid: 1cdf88d63ff8d154cbf3a20bb6db8b00, type: 2}
      propertyPath: TileOrgFirstColor.b
      value: .925490201
      objectReference: {fileID: 0}
    - target: {fileID: 11431912, guid: 1cdf88d63ff8d154cbf3a20bb6db8b00, type: 2}
      propertyPath: TileOrgFirstColor.a
      value: 1
      objectReference: {fileID: 0}
    - target: {fileID: 11431912, guid: 1cdf88d63ff8d154cbf3a20bb6db8b00, type: 2}
      propertyPath: TileOrgSecondColor.g
      value: .486274511
      objectReference: {fileID: 0}
    - target: {fileID: 11431912, guid: 1cdf88d63ff8d154cbf3a20bb6db8b00, type: 2}
      propertyPath: TileOrgSecondColor.b
      value: .666666687
      objectReference: {fileID: 0}
    - target: {fileID: 11431912, guid: 1cdf88d63ff8d154cbf3a20bb6db8b00, type: 2}
      propertyPath: TileOrgSecondColor.a
      value: 1
      objectReference: {fileID: 0}
    - target: {fileID: 11431912, guid: 1cdf88d63ff8d154cbf3a20bb6db8b00, type: 2}
      propertyPath: TileSecondColor.r
      value: 0
      objectReference: {fileID: 0}
    - target: {fileID: 11431912, guid: 1cdf88d63ff8d154cbf3a20bb6db8b00, type: 2}
      propertyPath: TileSecondColor.g
      value: .486274511
      objectReference: {fileID: 0}
    - target: {fileID: 11431912, guid: 1cdf88d63ff8d154cbf3a20bb6db8b00, type: 2}
      propertyPath: TileSecondColor.b
      value: .666666687
      objectReference: {fileID: 0}
    - target: {fileID: 11431912, guid: 1cdf88d63ff8d154cbf3a20bb6db8b00, type: 2}
      propertyPath: TileFirstColor.r
      value: 0
      objectReference: {fileID: 0}
    - target: {fileID: 11431912, guid: 1cdf88d63ff8d154cbf3a20bb6db8b00, type: 2}
      propertyPath: TileFirstColor.g
      value: .674509823
      objectReference: {fileID: 0}
    - target: {fileID: 11431912, guid: 1cdf88d63ff8d154cbf3a20bb6db8b00, type: 2}
      propertyPath: TileFirstColor.b
      value: .925490201
      objectReference: {fileID: 0}
    - target: {fileID: 10249168, guid: 1cdf88d63ff8d154cbf3a20bb6db8b00, type: 2}
      propertyPath: m_Text
      value: 'Leader

        board'
      objectReference: {fileID: 0}
    - target: {fileID: 11415344, guid: 1cdf88d63ff8d154cbf3a20bb6db8b00, type: 2}
      propertyPath: TargetGameObject
      value: 
      objectReference: {fileID: 224262271}
    - target: {fileID: 11415344, guid: 1cdf88d63ff8d154cbf3a20bb6db8b00, type: 2}
      propertyPath: TapUpAsButtonMessageName
      value: OnLBOpenClicked
      objectReference: {fileID: 0}
    m_RemovedComponents: []
  m_ParentPrefab: {fileID: 100100000, guid: 1cdf88d63ff8d154cbf3a20bb6db8b00, type: 2}
  m_IsPrefabParent: 0
--- !u!4 &746232367 stripped
Transform:
  m_PrefabParentObject: {fileID: 442178, guid: 1cdf88d63ff8d154cbf3a20bb6db8b00, type: 2}
  m_PrefabInternal: {fileID: 746232366}
--- !u!1 &779826092
GameObject:
  m_ObjectHideFlags: 0
  m_PrefabParentObject: {fileID: 0}
  m_PrefabInternal: {fileID: 0}
  serializedVersion: 4
  m_Component:
  - 4: {fileID: 779826093}
  m_Layer: 0
  m_Name: AnimationGroup
  m_TagString: Untagged
  m_Icon: {fileID: 0}
  m_NavMeshLayer: 0
  m_StaticEditorFlags: 0
  m_IsActive: 1
--- !u!4 &779826093
Transform:
  m_ObjectHideFlags: 0
  m_PrefabParentObject: {fileID: 0}
  m_PrefabInternal: {fileID: 0}
  m_GameObject: {fileID: 779826092}
  m_LocalRotation: {x: 0, y: 0, z: 0, w: 1}
  m_LocalPosition: {x: 0, y: 0, z: 0}
  m_LocalScale: {x: 1, y: 1, z: 1}
  m_Children:
  - {fileID: 1297745187}
  - {fileID: 17069813}
  - {fileID: 1888753164}
  - {fileID: 1713863241}
  - {fileID: 1396209156}
  - {fileID: 422601470}
  - {fileID: 275581020}
  - {fileID: 895132091}
  m_Father: {fileID: 1970753677}
  m_RootOrder: 1
--- !u!1 &858806329
GameObject:
  m_ObjectHideFlags: 0
  m_PrefabParentObject: {fileID: 127810, guid: d355b0a557fc5864ca3eeae3e9fa6ddd, type: 2}
  m_PrefabInternal: {fileID: 0}
  serializedVersion: 4
  m_Component:
  - 4: {fileID: 858806330}
  - 212: {fileID: 858806331}
  m_Layer: 0
  m_Name: main
  m_TagString: Untagged
  m_Icon: {fileID: 0}
  m_NavMeshLayer: 0
  m_StaticEditorFlags: 0
  m_IsActive: 0
--- !u!4 &858806330
Transform:
  m_ObjectHideFlags: 0
  m_PrefabParentObject: {fileID: 478062, guid: d355b0a557fc5864ca3eeae3e9fa6ddd, type: 2}
  m_PrefabInternal: {fileID: 0}
  m_GameObject: {fileID: 858806329}
  m_LocalRotation: {x: 0, y: 0, z: 0, w: 1}
  m_LocalPosition: {x: 0, y: 0, z: 0}
  m_LocalScale: {x: .400000006, y: .400000006, z: 1}
  m_Children: []
  m_Father: {fileID: 1297745187}
  m_RootOrder: 1
--- !u!212 &858806331
SpriteRenderer:
  m_ObjectHideFlags: 0
  m_PrefabParentObject: {fileID: 21223738, guid: d355b0a557fc5864ca3eeae3e9fa6ddd,
    type: 2}
  m_PrefabInternal: {fileID: 0}
  m_GameObject: {fileID: 858806329}
  m_Enabled: 1
  m_CastShadows: 0
  m_ReceiveShadows: 0
  m_Materials:
  - {fileID: 10754, guid: 0000000000000000e000000000000000, type: 0}
  m_SubsetIndices: 
  m_StaticBatchRoot: {fileID: 0}
  m_UseLightProbes: 0
  m_ReflectionProbeUsage: 0
  m_ProbeAnchor: {fileID: 0}
  m_ScaleInLightmap: 1
  m_PreserveUVs: 0
  m_ImportantGI: 0
  m_AutoUVMaxDistance: .5
  m_AutoUVMaxAngle: 89
  m_LightmapParameters: {fileID: 0}
  m_SortingLayerID: 0
  m_SortingOrder: 0
  m_Sprite: {fileID: 21300000, guid: 10bf0ac56e365c14dba004a51de3f6e8, type: 3}
  m_Color: {r: 1, g: 1, b: 1, a: 1}
--- !u!1001 &895132089
Prefab:
  m_ObjectHideFlags: 0
  serializedVersion: 2
  m_Modification:
    m_TransformParent: {fileID: 779826093}
    m_Modifications:
    - target: {fileID: 426344, guid: 06c3792d3169f8840802160f81b25d42, type: 2}
      propertyPath: m_LocalPosition.x
      value: -1.75
      objectReference: {fileID: 0}
    - target: {fileID: 426344, guid: 06c3792d3169f8840802160f81b25d42, type: 2}
      propertyPath: m_LocalPosition.y
      value: -2
      objectReference: {fileID: 0}
    - target: {fileID: 426344, guid: 06c3792d3169f8840802160f81b25d42, type: 2}
      propertyPath: m_LocalPosition.z
      value: 0
      objectReference: {fileID: 0}
    - target: {fileID: 426344, guid: 06c3792d3169f8840802160f81b25d42, type: 2}
      propertyPath: m_LocalRotation.x
      value: 0
      objectReference: {fileID: 0}
    - target: {fileID: 426344, guid: 06c3792d3169f8840802160f81b25d42, type: 2}
      propertyPath: m_LocalRotation.y
      value: 0
      objectReference: {fileID: 0}
    - target: {fileID: 426344, guid: 06c3792d3169f8840802160f81b25d42, type: 2}
      propertyPath: m_LocalRotation.z
      value: 0
      objectReference: {fileID: 0}
    - target: {fileID: 426344, guid: 06c3792d3169f8840802160f81b25d42, type: 2}
      propertyPath: m_LocalRotation.w
      value: 1
      objectReference: {fileID: 0}
    - target: {fileID: 426344, guid: 06c3792d3169f8840802160f81b25d42, type: 2}
      propertyPath: m_RootOrder
      value: 7
      objectReference: {fileID: 0}
    - target: {fileID: 11498028, guid: 06c3792d3169f8840802160f81b25d42, type: 2}
      propertyPath: __isDebug
      value: 0
      objectReference: {fileID: 0}
    m_RemovedComponents: []
  m_ParentPrefab: {fileID: 100100000, guid: 06c3792d3169f8840802160f81b25d42, type: 2}
  m_IsPrefabParent: 0
--- !u!114 &895132090 stripped
MonoBehaviour:
  m_PrefabParentObject: {fileID: 11498028, guid: 06c3792d3169f8840802160f81b25d42,
    type: 2}
  m_PrefabInternal: {fileID: 895132089}
  m_Script: {fileID: 11500000, guid: 991538e7ab14ccc4aafe29393f461d8a, type: 3}
--- !u!4 &895132091 stripped
Transform:
  m_PrefabParentObject: {fileID: 426344, guid: 06c3792d3169f8840802160f81b25d42, type: 2}
  m_PrefabInternal: {fileID: 895132089}
--- !u!1001 &931492322
Prefab:
  m_ObjectHideFlags: 0
  serializedVersion: 2
  m_Modification:
    m_TransformParent: {fileID: 1836480267}
    m_Modifications:
    - target: {fileID: 440776, guid: 4468eb6aaee728544918e82d0140af80, type: 2}
      propertyPath: m_LocalPosition.x
      value: 0
      objectReference: {fileID: 0}
    - target: {fileID: 440776, guid: 4468eb6aaee728544918e82d0140af80, type: 2}
      propertyPath: m_LocalPosition.y
      value: 0
      objectReference: {fileID: 0}
    - target: {fileID: 440776, guid: 4468eb6aaee728544918e82d0140af80, type: 2}
      propertyPath: m_LocalPosition.z
      value: 0
      objectReference: {fileID: 0}
    - target: {fileID: 440776, guid: 4468eb6aaee728544918e82d0140af80, type: 2}
      propertyPath: m_LocalRotation.x
      value: 0
      objectReference: {fileID: 0}
    - target: {fileID: 440776, guid: 4468eb6aaee728544918e82d0140af80, type: 2}
      propertyPath: m_LocalRotation.y
      value: 0
      objectReference: {fileID: 0}
    - target: {fileID: 440776, guid: 4468eb6aaee728544918e82d0140af80, type: 2}
      propertyPath: m_LocalRotation.z
      value: 0
      objectReference: {fileID: 0}
    - target: {fileID: 440776, guid: 4468eb6aaee728544918e82d0140af80, type: 2}
      propertyPath: m_LocalRotation.w
      value: 1
      objectReference: {fileID: 0}
    - target: {fileID: 440776, guid: 4468eb6aaee728544918e82d0140af80, type: 2}
      propertyPath: m_RootOrder
      value: 5
      objectReference: {fileID: 0}
    m_RemovedComponents: []
  m_ParentPrefab: {fileID: 100100000, guid: 4468eb6aaee728544918e82d0140af80, type: 2}
  m_IsPrefabParent: 0
--- !u!1 &1064913918
GameObject:
  m_ObjectHideFlags: 0
  m_PrefabParentObject: {fileID: 111342, guid: d355b0a557fc5864ca3eeae3e9fa6ddd, type: 2}
  m_PrefabInternal: {fileID: 0}
  serializedVersion: 4
  m_Component:
  - 4: {fileID: 1064913919}
  - 212: {fileID: 1064913920}
  m_Layer: 0
  m_Name: overlay
  m_TagString: Untagged
  m_Icon: {fileID: 0}
  m_NavMeshLayer: 0
  m_StaticEditorFlags: 0
  m_IsActive: 0
--- !u!4 &1064913919
Transform:
  m_ObjectHideFlags: 0
  m_PrefabParentObject: {fileID: 430514, guid: d355b0a557fc5864ca3eeae3e9fa6ddd, type: 2}
  m_PrefabInternal: {fileID: 0}
  m_GameObject: {fileID: 1064913918}
  m_LocalRotation: {x: 0, y: 0, z: 0, w: 1}
  m_LocalPosition: {x: 0, y: 0, z: -.100000001}
  m_LocalScale: {x: .400000006, y: .400000006, z: 1}
  m_Children: []
  m_Father: {fileID: 1297745187}
  m_RootOrder: 0
--- !u!212 &1064913920
SpriteRenderer:
  m_ObjectHideFlags: 0
  m_PrefabParentObject: {fileID: 21233788, guid: d355b0a557fc5864ca3eeae3e9fa6ddd,
    type: 2}
  m_PrefabInternal: {fileID: 0}
  m_GameObject: {fileID: 1064913918}
  m_Enabled: 1
  m_CastShadows: 0
  m_ReceiveShadows: 0
  m_Materials:
  - {fileID: 2100000, guid: 364c953910fa91d4eb6dec0d70fe7cde, type: 2}
  m_SubsetIndices: 
  m_StaticBatchRoot: {fileID: 0}
  m_UseLightProbes: 0
  m_ReflectionProbeUsage: 0
  m_ProbeAnchor: {fileID: 0}
  m_ScaleInLightmap: 1
  m_PreserveUVs: 0
  m_ImportantGI: 0
  m_AutoUVMaxDistance: .5
  m_AutoUVMaxAngle: 89
  m_LightmapParameters: {fileID: 0}
  m_SortingLayerID: 0
  m_SortingOrder: 0
  m_Sprite: {fileID: 21300000, guid: 30bcbc95d4c5c2146b039b975fcd1a2a, type: 3}
  m_Color: {r: 1, g: 1, b: 1, a: 1}
--- !u!4 &1088152930 stripped
Transform:
  m_PrefabParentObject: {fileID: 440776, guid: 4468eb6aaee728544918e82d0140af80, type: 2}
  m_PrefabInternal: {fileID: 931492322}
--- !u!1 &1127406239
GameObject:
  m_ObjectHideFlags: 0
  m_PrefabParentObject: {fileID: 0}
  m_PrefabInternal: {fileID: 0}
  serializedVersion: 4
  m_Component:
  - 4: {fileID: 1127406240}
  - 212: {fileID: 1127406241}
  m_Layer: 0
  m_Name: Background
  m_TagString: Untagged
  m_Icon: {fileID: 0}
  m_NavMeshLayer: 0
  m_StaticEditorFlags: 0
  m_IsActive: 1
--- !u!4 &1127406240
Transform:
  m_ObjectHideFlags: 0
  m_PrefabParentObject: {fileID: 0}
  m_PrefabInternal: {fileID: 0}
  m_GameObject: {fileID: 1127406239}
  m_LocalRotation: {x: 0, y: 0, z: 0, w: 1}
  m_LocalPosition: {x: 0, y: 0, z: 5}
  m_LocalScale: {x: .600000024, y: .600000024, z: 1}
  m_Children: []
  m_Father: {fileID: 1970753677}
  m_RootOrder: 2
--- !u!212 &1127406241
SpriteRenderer:
  m_ObjectHideFlags: 0
  m_PrefabParentObject: {fileID: 0}
  m_PrefabInternal: {fileID: 0}
  m_GameObject: {fileID: 1127406239}
  m_Enabled: 1
  m_CastShadows: 0
  m_ReceiveShadows: 0
  m_Materials:
  - {fileID: 10754, guid: 0000000000000000e000000000000000, type: 0}
  m_SubsetIndices: 
  m_StaticBatchRoot: {fileID: 0}
  m_UseLightProbes: 0
  m_ReflectionProbeUsage: 0
  m_ProbeAnchor: {fileID: 0}
  m_ScaleInLightmap: 1
  m_PreserveUVs: 0
  m_ImportantGI: 0
  m_AutoUVMaxDistance: .5
  m_AutoUVMaxAngle: 89
  m_LightmapParameters: {fileID: 0}
  m_SortingLayerID: 0
  m_SortingOrder: 0
  m_Sprite: {fileID: 21300000, guid: 55c0771bf654dd341af2b97830b4ee43, type: 3}
  m_Color: {r: 1, g: 1, b: 1, a: 1}
--- !u!1 &1175935074
GameObject:
  m_ObjectHideFlags: 0
  m_PrefabParentObject: {fileID: 0}
  m_PrefabInternal: {fileID: 0}
  serializedVersion: 4
  m_Component:
  - 4: {fileID: 1175935076}
  - 114: {fileID: 1175935075}
  m_Layer: 0
  m_Name: UIManager
  m_TagString: Untagged
  m_Icon: {fileID: 0}
  m_NavMeshLayer: 0
  m_StaticEditorFlags: 0
  m_IsActive: 1
--- !u!114 &1175935075
MonoBehaviour:
  m_ObjectHideFlags: 0
  m_PrefabParentObject: {fileID: 0}
  m_PrefabInternal: {fileID: 0}
  m_GameObject: {fileID: 1175935074}
  m_Enabled: 1
  m_EditorHideFlags: 0
  m_Script: {fileID: 11500000, guid: ce78419004bfb9144af09278be70998a, type: 3}
  m_Name: 
  m_EditorClassIdentifier: 
  UIContainer: {fileID: 1970753677}
--- !u!4 &1175935076
Transform:
  m_ObjectHideFlags: 0
  m_PrefabParentObject: {fileID: 0}
  m_PrefabInternal: {fileID: 0}
  m_GameObject: {fileID: 1175935074}
  m_LocalRotation: {x: 0, y: 0, z: 0, w: 1}
  m_LocalPosition: {x: 0, y: 0, z: 0}
  m_LocalScale: {x: 1, y: 1, z: 1}
  m_Children: []
  m_Father: {fileID: 1836480267}
  m_RootOrder: 3
--- !u!1001 &1206401652
Prefab:
  m_ObjectHideFlags: 0
  serializedVersion: 2
  m_Modification:
    m_TransformParent: {fileID: 1315419032}
    m_Modifications:
    - target: {fileID: 442178, guid: 1cdf88d63ff8d154cbf3a20bb6db8b00, type: 2}
      propertyPath: m_LocalPosition.x
      value: 2.09821391
      objectReference: {fileID: 0}
    - target: {fileID: 442178, guid: 1cdf88d63ff8d154cbf3a20bb6db8b00, type: 2}
      propertyPath: m_LocalPosition.y
      value: 0
      objectReference: {fileID: 0}
    - target: {fileID: 442178, guid: 1cdf88d63ff8d154cbf3a20bb6db8b00, type: 2}
      propertyPath: m_LocalPosition.z
      value: 0
      objectReference: {fileID: 0}
    - target: {fileID: 442178, guid: 1cdf88d63ff8d154cbf3a20bb6db8b00, type: 2}
      propertyPath: m_LocalRotation.x
      value: 0
      objectReference: {fileID: 0}
    - target: {fileID: 442178, guid: 1cdf88d63ff8d154cbf3a20bb6db8b00, type: 2}
      propertyPath: m_LocalRotation.y
      value: 0
      objectReference: {fileID: 0}
    - target: {fileID: 442178, guid: 1cdf88d63ff8d154cbf3a20bb6db8b00, type: 2}
      propertyPath: m_LocalRotation.z
      value: 0
      objectReference: {fileID: 0}
    - target: {fileID: 442178, guid: 1cdf88d63ff8d154cbf3a20bb6db8b00, type: 2}
      propertyPath: m_LocalRotation.w
      value: 1
      objectReference: {fileID: 0}
    - target: {fileID: 442178, guid: 1cdf88d63ff8d154cbf3a20bb6db8b00, type: 2}
      propertyPath: m_RootOrder
      value: 0
      objectReference: {fileID: 0}
    - target: {fileID: 11431912, guid: 1cdf88d63ff8d154cbf3a20bb6db8b00, type: 2}
      propertyPath: TileFirstColor.g
      value: .235294119
      objectReference: {fileID: 0}
    - target: {fileID: 11431912, guid: 1cdf88d63ff8d154cbf3a20bb6db8b00, type: 2}
      propertyPath: TileSecondColor.r
      value: .823529422
      objectReference: {fileID: 0}
    - target: {fileID: 11431912, guid: 1cdf88d63ff8d154cbf3a20bb6db8b00, type: 2}
      propertyPath: TileOrgSecondColor.r
      value: .823529422
      objectReference: {fileID: 0}
    - target: {fileID: 11431912, guid: 1cdf88d63ff8d154cbf3a20bb6db8b00, type: 2}
      propertyPath: TileOrgSecondColor.g
      value: .149019614
      objectReference: {fileID: 0}
    - target: {fileID: 11431912, guid: 1cdf88d63ff8d154cbf3a20bb6db8b00, type: 2}
      propertyPath: TileOrgSecondColor.b
      value: .337254912
      objectReference: {fileID: 0}
    - target: {fileID: 11431912, guid: 1cdf88d63ff8d154cbf3a20bb6db8b00, type: 2}
      propertyPath: TileOrgSecondColor.a
      value: 1
      objectReference: {fileID: 0}
    - target: {fileID: 11431912, guid: 1cdf88d63ff8d154cbf3a20bb6db8b00, type: 2}
      propertyPath: TileOrgFirstColor.r
      value: .949019611
      objectReference: {fileID: 0}
    - target: {fileID: 11431912, guid: 1cdf88d63ff8d154cbf3a20bb6db8b00, type: 2}
      propertyPath: TileOrgFirstColor.g
      value: .235294119
      objectReference: {fileID: 0}
    - target: {fileID: 11431912, guid: 1cdf88d63ff8d154cbf3a20bb6db8b00, type: 2}
      propertyPath: TileOrgFirstColor.b
      value: .435294122
      objectReference: {fileID: 0}
    - target: {fileID: 11431912, guid: 1cdf88d63ff8d154cbf3a20bb6db8b00, type: 2}
      propertyPath: TileOrgFirstColor.a
      value: 1
      objectReference: {fileID: 0}
    - target: {fileID: 11415344, guid: 1cdf88d63ff8d154cbf3a20bb6db8b00, type: 2}
      propertyPath: TargetGameObject
      value: 
      objectReference: {fileID: 224262271}
    - target: {fileID: 11415344, guid: 1cdf88d63ff8d154cbf3a20bb6db8b00, type: 2}
      propertyPath: TapUpAsButtonMessageName
      value: OnReplayClicked
      objectReference: {fileID: 0}
    - target: {fileID: 10249168, guid: 1cdf88d63ff8d154cbf3a20bb6db8b00, type: 2}
      propertyPath: m_Text
      value: Replay
      objectReference: {fileID: 0}
    - target: {fileID: 10249168, guid: 1cdf88d63ff8d154cbf3a20bb6db8b00, type: 2}
      propertyPath: m_FontSize
      value: 35
      objectReference: {fileID: 0}
    - target: {fileID: 10249168, guid: 1cdf88d63ff8d154cbf3a20bb6db8b00, type: 2}
      propertyPath: m_FontStyle
      value: 0
      objectReference: {fileID: 0}
    - target: {fileID: 139946, guid: 1cdf88d63ff8d154cbf3a20bb6db8b00, type: 2}
      propertyPath: m_Name
      value: BtnReplay
      objectReference: {fileID: 0}
    m_RemovedComponents: []
  m_ParentPrefab: {fileID: 100100000, guid: 1cdf88d63ff8d154cbf3a20bb6db8b00, type: 2}
  m_IsPrefabParent: 0
--- !u!1 &1250684555
GameObject:
  m_ObjectHideFlags: 0
  m_PrefabParentObject: {fileID: 0}
  m_PrefabInternal: {fileID: 0}
  serializedVersion: 4
  m_Component:
  - 4: {fileID: 1250684556}
  - 20: {fileID: 1250684560}
  - 92: {fileID: 1250684559}
  - 124: {fileID: 1250684558}
  - 81: {fileID: 1250684557}
  m_Layer: 0
  m_Name: Main Camera
  m_TagString: MainCamera
  m_Icon: {fileID: 0}
  m_NavMeshLayer: 0
  m_StaticEditorFlags: 0
  m_IsActive: 1
--- !u!4 &1250684556
Transform:
  m_ObjectHideFlags: 0
  m_PrefabParentObject: {fileID: 0}
  m_PrefabInternal: {fileID: 0}
  m_GameObject: {fileID: 1250684555}
  m_LocalRotation: {x: 0, y: 0, z: 0, w: 1}
  m_LocalPosition: {x: 0, y: 0, z: -100}
  m_LocalScale: {x: 1, y: 1, z: 1}
  m_Children: []
  m_Father: {fileID: 1836480267}
  m_RootOrder: 0
--- !u!81 &1250684557
AudioListener:
  m_ObjectHideFlags: 0
  m_PrefabParentObject: {fileID: 0}
  m_PrefabInternal: {fileID: 0}
  m_GameObject: {fileID: 1250684555}
  m_Enabled: 1
--- !u!124 &1250684558
Behaviour:
  m_ObjectHideFlags: 0
  m_PrefabParentObject: {fileID: 0}
  m_PrefabInternal: {fileID: 0}
  m_GameObject: {fileID: 1250684555}
  m_Enabled: 1
--- !u!92 &1250684559
Behaviour:
  m_ObjectHideFlags: 0
  m_PrefabParentObject: {fileID: 0}
  m_PrefabInternal: {fileID: 0}
  m_GameObject: {fileID: 1250684555}
  m_Enabled: 1
--- !u!20 &1250684560
Camera:
  m_ObjectHideFlags: 0
  m_PrefabParentObject: {fileID: 0}
  m_PrefabInternal: {fileID: 0}
  m_GameObject: {fileID: 1250684555}
  m_Enabled: 1
  serializedVersion: 2
  m_ClearFlags: 1
  m_BackGroundColor: {r: 0, g: 0, b: 0, a: 1}
  m_NormalizedViewPortRect:
    serializedVersion: 2
    x: 0
    y: 0
    width: 1
    height: 1
  near clip plane: .300000012
  far clip plane: 1000
  field of view: 60
  orthographic: 1
  orthographic size: 5
  m_Depth: -1
  m_CullingMask:
    serializedVersion: 2
    m_Bits: 4294967295
  m_RenderingPath: -1
  m_TargetTexture: {fileID: 0}
  m_TargetDisplay: 0
  m_TargetEye: 3
  m_HDR: 0
  m_OcclusionCulling: 1
  m_StereoConvergence: 10
  m_StereoSeparation: .0219999999
  m_StereoMirrorMode: 0
--- !u!1 &1297745186
GameObject:
  m_ObjectHideFlags: 0
  m_PrefabParentObject: {fileID: 199652, guid: d355b0a557fc5864ca3eeae3e9fa6ddd, type: 2}
  m_PrefabInternal: {fileID: 0}
  serializedVersion: 4
  m_Component:
  - 4: {fileID: 1297745187}
  - 114: {fileID: 1297745188}
  - 95: {fileID: 1297745189}
  m_Layer: 0
  m_Name: RankBanner
  m_TagString: Untagged
  m_Icon: {fileID: 0}
  m_NavMeshLayer: 0
  m_StaticEditorFlags: 0
  m_IsActive: 1
--- !u!4 &1297745187
Transform:
  m_ObjectHideFlags: 0
  m_PrefabParentObject: {fileID: 455332, guid: d355b0a557fc5864ca3eeae3e9fa6ddd, type: 2}
  m_PrefabInternal: {fileID: 0}
  m_GameObject: {fileID: 1297745186}
  m_LocalRotation: {x: 0, y: 0, z: 0, w: 1}
  m_LocalPosition: {x: 0, y: 4, z: 0}
  m_LocalScale: {x: 1, y: 1, z: 1}
  m_Children:
  - {fileID: 1064913919}
  - {fileID: 858806330}
  m_Father: {fileID: 779826093}
  m_RootOrder: 0
--- !u!114 &1297745188
MonoBehaviour:
  m_ObjectHideFlags: 0
  m_PrefabParentObject: {fileID: 11402506, guid: d355b0a557fc5864ca3eeae3e9fa6ddd,
    type: 2}
  m_PrefabInternal: {fileID: 0}
  m_GameObject: {fileID: 1297745186}
  m_Enabled: 1
  m_EditorHideFlags: 0
  m_Script: {fileID: 11500000, guid: 0794a7a79043c4741ac2cd50f2cfcebe, type: 3}
  m_Name: 
  m_EditorClassIdentifier: 
--- !u!95 &1297745189
Animator:
  serializedVersion: 3
  m_ObjectHideFlags: 0
  m_PrefabParentObject: {fileID: 0}
  m_PrefabInternal: {fileID: 0}
  m_GameObject: {fileID: 1297745186}
  m_Enabled: 1
  m_Avatar: {fileID: 0}
  m_Controller: {fileID: 9100000, guid: 3115dfdb5d317b54584bb67a2a6eadbd, type: 2}
  m_CullingMode: 0
  m_UpdateMode: 0
  m_ApplyRootMotion: 0
  m_LinearVelocityBlending: 0
  m_WarningMessage: 
  m_HasTransformHierarchy: 1
  m_AllowConstantClipSamplingOptimization: 1
--- !u!1 &1315419031
GameObject:
  m_ObjectHideFlags: 0
  m_PrefabParentObject: {fileID: 0}
  m_PrefabInternal: {fileID: 0}
  serializedVersion: 4
  m_Component:
  - 4: {fileID: 1315419032}
  - 114: {fileID: 1315419033}
  m_Layer: 0
  m_Name: EndSceneButtonGroup
  m_TagString: Untagged
  m_Icon: {fileID: 0}
  m_NavMeshLayer: 0
  m_StaticEditorFlags: 0
  m_IsActive: 1
--- !u!4 &1315419032
Transform:
  m_ObjectHideFlags: 0
  m_PrefabParentObject: {fileID: 0}
  m_PrefabInternal: {fileID: 0}
  m_GameObject: {fileID: 1315419031}
  m_LocalRotation: {x: 0, y: 0, z: 0, w: 1}
  m_LocalPosition: {x: 0, y: -3.73883891, z: 0}
  m_LocalScale: {x: 1, y: 1, z: 1}
  m_Children:
  - {fileID: 123790283}
  - {fileID: 746232367}
  - {fileID: 2024644045}
  - {fileID: 2143202687}
  m_Father: {fileID: 1970753677}
  m_RootOrder: 0
--- !u!114 &1315419033
MonoBehaviour:
  m_ObjectHideFlags: 0
  m_PrefabParentObject: {fileID: 0}
  m_PrefabInternal: {fileID: 0}
  m_GameObject: {fileID: 1315419031}
  m_Enabled: 1
  m_EditorHideFlags: 0
  m_Script: {fileID: 11500000, guid: 64ccf9bb51322a14686f89b45b775e8e, type: 3}
  m_Name: 
  m_EditorClassIdentifier: 
  Buttons:
  - {fileID: 1323978735}
  - {fileID: 13662959}
  - {fileID: 1822256764}
  - {fileID: 123790282}
  TilePerRow: 4
  RowPerScreen: 4
--- !u!1 &1323978735 stripped
GameObject:
  m_PrefabParentObject: {fileID: 139946, guid: 1cdf88d63ff8d154cbf3a20bb6db8b00, type: 2}
  m_PrefabInternal: {fileID: 2143202686}
--- !u!1001 &1357255786
Prefab:
  m_ObjectHideFlags: 0
  serializedVersion: 2
  m_Modification:
    m_TransformParent: {fileID: 1836480267}
    m_Modifications:
    - target: {fileID: 431246, guid: 81fbffe79fec7b34796d5a1fccf7cbc7, type: 2}
      propertyPath: m_LocalPosition.x
      value: 0
      objectReference: {fileID: 0}
    - target: {fileID: 431246, guid: 81fbffe79fec7b34796d5a1fccf7cbc7, type: 2}
      propertyPath: m_LocalPosition.y
      value: 0
      objectReference: {fileID: 0}
    - target: {fileID: 431246, guid: 81fbffe79fec7b34796d5a1fccf7cbc7, type: 2}
      propertyPath: m_LocalPosition.z
      value: 0
      objectReference: {fileID: 0}
    - target: {fileID: 431246, guid: 81fbffe79fec7b34796d5a1fccf7cbc7, type: 2}
      propertyPath: m_LocalRotation.x
      value: 0
      objectReference: {fileID: 0}
    - target: {fileID: 431246, guid: 81fbffe79fec7b34796d5a1fccf7cbc7, type: 2}
      propertyPath: m_LocalRotation.y
      value: 0
      objectReference: {fileID: 0}
    - target: {fileID: 431246, guid: 81fbffe79fec7b34796d5a1fccf7cbc7, type: 2}
      propertyPath: m_LocalRotation.z
      value: 0
      objectReference: {fileID: 0}
    - target: {fileID: 431246, guid: 81fbffe79fec7b34796d5a1fccf7cbc7, type: 2}
      propertyPath: m_LocalRotation.w
      value: 1
      objectReference: {fileID: 0}
    - target: {fileID: 431246, guid: 81fbffe79fec7b34796d5a1fccf7cbc7, type: 2}
      propertyPath: m_RootOrder
      value: 4
      objectReference: {fileID: 0}
    m_RemovedComponents: []
  m_ParentPrefab: {fileID: 100100000, guid: 81fbffe79fec7b34796d5a1fccf7cbc7, type: 2}
  m_IsPrefabParent: 0
--- !u!4 &1357255787 stripped
Transform:
  m_PrefabParentObject: {fileID: 431246, guid: 81fbffe79fec7b34796d5a1fccf7cbc7, type: 2}
  m_PrefabInternal: {fileID: 1357255786}
--- !u!1 &1396209155
GameObject:
  m_ObjectHideFlags: 0
  m_PrefabParentObject: {fileID: 0}
  m_PrefabInternal: {fileID: 0}
  serializedVersion: 4
  m_Component:
  - 4: {fileID: 1396209156}
  - 23: {fileID: 1396209159}
  - 102: {fileID: 1396209158}
  - 114: {fileID: 1396209157}
  m_Layer: 0
  m_Name: BestScoreValueLabel
  m_TagString: Untagged
  m_Icon: {fileID: 0}
  m_NavMeshLayer: 0
  m_StaticEditorFlags: 0
  m_IsActive: 1
--- !u!4 &1396209156
Transform:
  m_ObjectHideFlags: 0
  m_PrefabParentObject: {fileID: 0}
  m_PrefabInternal: {fileID: 0}
  m_GameObject: {fileID: 1396209155}
  m_LocalRotation: {x: 0, y: 0, z: 0, w: 1}
  m_LocalPosition: {x: 2, y: 2.25, z: 0}
  m_LocalScale: {x: .100000001, y: .100000001, z: .100000001}
  m_Children: []
  m_Father: {fileID: 779826093}
  m_RootOrder: 4
--- !u!114 &1396209157
MonoBehaviour:
  m_ObjectHideFlags: 0
  m_PrefabParentObject: {fileID: 0}
  m_PrefabInternal: {fileID: 0}
  m_GameObject: {fileID: 1396209155}
  m_Enabled: 1
  m_EditorHideFlags: 0
  m_Script: {fileID: 11500000, guid: 5386bfcdc63720a44af7c4057e3910ff, type: 3}
  m_Name: 
  m_EditorClassIdentifier: 
--- !u!102 &1396209158
TextMesh:
  serializedVersion: 3
  m_ObjectHideFlags: 0
  m_PrefabParentObject: {fileID: 0}
  m_PrefabInternal: {fileID: 0}
  m_GameObject: {fileID: 1396209155}
  m_Text: 456
  m_OffsetZ: 0
  m_CharacterSize: 1
  m_LineSpacing: 1
  m_Anchor: 5
  m_Alignment: 2
  m_TabSize: 4
  m_FontSize: 50
  m_FontStyle: 0
  m_RichText: 1
  m_Font: {fileID: 12800000, guid: be0dcac79f9aa064fac182dc4d2439a7, type: 3}
  m_Color:
    serializedVersion: 2
    rgba: 4294967295
--- !u!23 &1396209159
MeshRenderer:
  m_ObjectHideFlags: 0
  m_PrefabParentObject: {fileID: 0}
  m_PrefabInternal: {fileID: 0}
  m_GameObject: {fileID: 1396209155}
  m_Enabled: 1
  m_CastShadows: 1
  m_ReceiveShadows: 1
  m_Materials:
  - {fileID: 2100000, guid: be0dcac79f9aa064fac182dc4d2439a7, type: 3}
  m_SubsetIndices: 
  m_StaticBatchRoot: {fileID: 0}
  m_UseLightProbes: 1
  m_ReflectionProbeUsage: 1
  m_ProbeAnchor: {fileID: 0}
  m_ScaleInLightmap: 1
  m_PreserveUVs: 0
  m_ImportantGI: 0
  m_AutoUVMaxDistance: .5
  m_AutoUVMaxAngle: 89
  m_LightmapParameters: {fileID: 0}
  m_SortingLayerID: 0
  m_SortingOrder: 0
--- !u!1 &1713863240
GameObject:
  m_ObjectHideFlags: 0
  m_PrefabParentObject: {fileID: 0}
  m_PrefabInternal: {fileID: 0}
  serializedVersion: 4
  m_Component:
  - 4: {fileID: 1713863241}
  - 23: {fileID: 1713863244}
  - 102: {fileID: 1713863243}
  - 114: {fileID: 1713863242}
  m_Layer: 0
  m_Name: BestScoreLabel
  m_TagString: Untagged
  m_Icon: {fileID: 0}
  m_NavMeshLayer: 0
  m_StaticEditorFlags: 0
  m_IsActive: 1
--- !u!4 &1713863241
Transform:
  m_ObjectHideFlags: 0
  m_PrefabParentObject: {fileID: 0}
  m_PrefabInternal: {fileID: 0}
  m_GameObject: {fileID: 1713863240}
  m_LocalRotation: {x: 0, y: 0, z: 0, w: 1}
  m_LocalPosition: {x: -2, y: 2.25, z: 0}
  m_LocalScale: {x: .100000001, y: .100000001, z: .100000001}
  m_Children: []
  m_Father: {fileID: 779826093}
  m_RootOrder: 3
--- !u!114 &1713863242
MonoBehaviour:
  m_ObjectHideFlags: 0
  m_PrefabParentObject: {fileID: 0}
  m_PrefabInternal: {fileID: 0}
  m_GameObject: {fileID: 1713863240}
  m_Enabled: 1
  m_EditorHideFlags: 0
  m_Script: {fileID: 11500000, guid: 5386bfcdc63720a44af7c4057e3910ff, type: 3}
  m_Name: 
  m_EditorClassIdentifier: 
--- !u!102 &1713863243
TextMesh:
  serializedVersion: 3
  m_ObjectHideFlags: 0
  m_PrefabParentObject: {fileID: 0}
  m_PrefabInternal: {fileID: 0}
  m_GameObject: {fileID: 1713863240}
  m_Text: 'Best Score:'
  m_OffsetZ: 0
  m_CharacterSize: 1
  m_LineSpacing: 1
  m_Anchor: 3
  m_Alignment: 0
  m_TabSize: 4
  m_FontSize: 35
  m_FontStyle: 0
  m_RichText: 1
  m_Font: {fileID: 12800000, guid: be0dcac79f9aa064fac182dc4d2439a7, type: 3}
  m_Color:
    serializedVersion: 2
    rgba: 4294967295
--- !u!23 &1713863244
MeshRenderer:
  m_ObjectHideFlags: 0
  m_PrefabParentObject: {fileID: 0}
  m_PrefabInternal: {fileID: 0}
  m_GameObject: {fileID: 1713863240}
  m_Enabled: 1
  m_CastShadows: 1
  m_ReceiveShadows: 1
  m_Materials:
  - {fileID: 2100000, guid: be0dcac79f9aa064fac182dc4d2439a7, type: 3}
  m_SubsetIndices: 
  m_StaticBatchRoot: {fileID: 0}
  m_UseLightProbes: 1
  m_ReflectionProbeUsage: 1
  m_ProbeAnchor: {fileID: 0}
  m_ScaleInLightmap: 1
  m_PreserveUVs: 0
  m_ImportantGI: 0
  m_AutoUVMaxDistance: .5
  m_AutoUVMaxAngle: 89
  m_LightmapParameters: {fileID: 0}
  m_SortingLayerID: 0
  m_SortingOrder: 0
--- !u!1 &1822256764 stripped
GameObject:
  m_PrefabParentObject: {fileID: 139946, guid: 1cdf88d63ff8d154cbf3a20bb6db8b00, type: 2}
  m_PrefabInternal: {fileID: 746232366}
--- !u!1 &1836480266
GameObject:
  m_ObjectHideFlags: 0
  m_PrefabParentObject: {fileID: 0}
  m_PrefabInternal: {fileID: 0}
  serializedVersion: 4
  m_Component:
  - 4: {fileID: 1836480267}
  m_Layer: 0
  m_Name: root
  m_TagString: Untagged
  m_Icon: {fileID: 0}
  m_NavMeshLayer: 0
  m_StaticEditorFlags: 0
  m_IsActive: 1
--- !u!4 &1836480267
Transform:
  m_ObjectHideFlags: 0
  m_PrefabParentObject: {fileID: 0}
  m_PrefabInternal: {fileID: 0}
  m_GameObject: {fileID: 1836480266}
  m_LocalRotation: {x: 0, y: 0, z: 0, w: 1}
  m_LocalPosition: {x: 0, y: 0, z: 0}
  m_LocalScale: {x: 1, y: 1, z: 1}
  m_Children:
  - {fileID: 1250684556}
  - {fileID: 101649016}
  - {fileID: 224262272}
  - {fileID: 1175935076}
  - {fileID: 1357255787}
  - {fileID: 1088152930}
  - {fileID: 1970753677}
  m_Father: {fileID: 0}
  m_RootOrder: 0
--- !u!1 &1888753163
GameObject:
  m_ObjectHideFlags: 0
  m_PrefabParentObject: {fileID: 0}
  m_PrefabInternal: {fileID: 0}
  serializedVersion: 4
  m_Component:
  - 4: {fileID: 1888753164}
  - 23: {fileID: 1888753167}
  - 102: {fileID: 1888753166}
  - 114: {fileID: 1888753165}
  m_Layer: 0
  m_Name: ScoreValueLabel
  m_TagString: Untagged
  m_Icon: {fileID: 0}
  m_NavMeshLayer: 0
  m_StaticEditorFlags: 0
  m_IsActive: 1
--- !u!4 &1888753164
Transform:
  m_ObjectHideFlags: 0
  m_PrefabParentObject: {fileID: 0}
  m_PrefabInternal: {fileID: 0}
  m_GameObject: {fileID: 1888753163}
  m_LocalRotation: {x: 0, y: 0, z: 0, w: 1}
  m_LocalPosition: {x: 2, y: 2.75, z: 0}
  m_LocalScale: {x: .100000001, y: .100000001, z: .100000001}
  m_Children: []
  m_Father: {fileID: 779826093}
  m_RootOrder: 2
--- !u!114 &1888753165
MonoBehaviour:
  m_ObjectHideFlags: 0
  m_PrefabParentObject: {fileID: 0}
  m_PrefabInternal: {fileID: 0}
  m_GameObject: {fileID: 1888753163}
  m_Enabled: 1
  m_EditorHideFlags: 0
  m_Script: {fileID: 11500000, guid: 5386bfcdc63720a44af7c4057e3910ff, type: 3}
  m_Name: 
  m_EditorClassIdentifier: 
--- !u!102 &1888753166
TextMesh:
  serializedVersion: 3
  m_ObjectHideFlags: 0
  m_PrefabParentObject: {fileID: 0}
  m_PrefabInternal: {fileID: 0}
  m_GameObject: {fileID: 1888753163}
  m_Text: 123
  m_OffsetZ: 0
  m_CharacterSize: 1
  m_LineSpacing: 1
  m_Anchor: 5
  m_Alignment: 2
  m_TabSize: 4
  m_FontSize: 50
  m_FontStyle: 0
  m_RichText: 1
  m_Font: {fileID: 12800000, guid: be0dcac79f9aa064fac182dc4d2439a7, type: 3}
  m_Color:
    serializedVersion: 2
    rgba: 4294967295
--- !u!23 &1888753167
MeshRenderer:
  m_ObjectHideFlags: 0
  m_PrefabParentObject: {fileID: 0}
  m_PrefabInternal: {fileID: 0}
  m_GameObject: {fileID: 1888753163}
  m_Enabled: 1
  m_CastShadows: 1
  m_ReceiveShadows: 1
  m_Materials:
  - {fileID: 2100000, guid: be0dcac79f9aa064fac182dc4d2439a7, type: 3}
  m_SubsetIndices: 
  m_StaticBatchRoot: {fileID: 0}
  m_UseLightProbes: 1
  m_ReflectionProbeUsage: 1
  m_ProbeAnchor: {fileID: 0}
  m_ScaleInLightmap: 1
  m_PreserveUVs: 0
  m_ImportantGI: 0
  m_AutoUVMaxDistance: .5
  m_AutoUVMaxAngle: 89
  m_LightmapParameters: {fileID: 0}
  m_SortingLayerID: 0
  m_SortingOrder: 0
--- !u!1 &1970753676
GameObject:
  m_ObjectHideFlags: 0
  m_PrefabParentObject: {fileID: 0}
  m_PrefabInternal: {fileID: 0}
  serializedVersion: 4
  m_Component:
  - 4: {fileID: 1970753677}
  m_Layer: 0
  m_Name: UIContainer
  m_TagString: UI
  m_Icon: {fileID: 0}
  m_NavMeshLayer: 0
  m_StaticEditorFlags: 0
  m_IsActive: 1
--- !u!4 &1970753677
Transform:
  m_ObjectHideFlags: 0
  m_PrefabParentObject: {fileID: 0}
  m_PrefabInternal: {fileID: 0}
  m_GameObject: {fileID: 1970753676}
  m_LocalRotation: {x: 0, y: 0, z: 0, w: 1}
  m_LocalPosition: {x: 0, y: 0, z: 0}
  m_LocalScale: {x: 1, y: 1, z: 1}
  m_Children:
  - {fileID: 1315419032}
  - {fileID: 779826093}
  - {fileID: 1127406240}
  m_Father: {fileID: 1836480267}
  m_RootOrder: 6
--- !u!1001 &2024644044
Prefab:
  m_ObjectHideFlags: 0
  serializedVersion: 2
  m_Modification:
    m_TransformParent: {fileID: 1315419032}
    m_Modifications:
    - target: {fileID: 442178, guid: 1cdf88d63ff8d154cbf3a20bb6db8b00, type: 2}
      propertyPath: m_LocalPosition.x
      value: -.699404716
      objectReference: {fileID: 0}
    - target: {fileID: 442178, guid: 1cdf88d63ff8d154cbf3a20bb6db8b00, type: 2}
      propertyPath: m_LocalPosition.y
      value: 0
      objectReference: {fileID: 0}
    - target: {fileID: 442178, guid: 1cdf88d63ff8d154cbf3a20bb6db8b00, type: 2}
      propertyPath: m_LocalPosition.z
      value: 0
      objectReference: {fileID: 0}
    - target: {fileID: 442178, guid: 1cdf88d63ff8d154cbf3a20bb6db8b00, type: 2}
      propertyPath: m_LocalRotation.x
      value: 0
      objectReference: {fileID: 0}
    - target: {fileID: 442178, guid: 1cdf88d63ff8d154cbf3a20bb6db8b00, type: 2}
      propertyPath: m_LocalRotation.y
      value: 0
      objectReference: {fileID: 0}
    - target: {fileID: 442178, guid: 1cdf88d63ff8d154cbf3a20bb6db8b00, type: 2}
      propertyPath: m_LocalRotation.z
      value: 0
      objectReference: {fileID: 0}
    - target: {fileID: 442178, guid: 1cdf88d63ff8d154cbf3a20bb6db8b00, type: 2}
      propertyPath: m_LocalRotation.w
      value: 1
      objectReference: {fileID: 0}
    - target: {fileID: 442178, guid: 1cdf88d63ff8d154cbf3a20bb6db8b00, type: 2}
      propertyPath: m_RootOrder
      value: 2
      objectReference: {fileID: 0}
    - target: {fileID: 139946, guid: 1cdf88d63ff8d154cbf3a20bb6db8b00, type: 2}
      propertyPath: m_Name
      value: BtnFacebookShare
      objectReference: {fileID: 0}
    - target: {fileID: 10249168, guid: 1cdf88d63ff8d154cbf3a20bb6db8b00, type: 2}
      propertyPath: m_Text
      value: 'Facebook

        share'
      objectReference: {fileID: 0}
    - target: {fileID: 10249168, guid: 1cdf88d63ff8d154cbf3a20bb6db8b00, type: 2}
      propertyPath: m_FontSize
      value: 30
      objectReference: {fileID: 0}
    - target: {fileID: 11431912, guid: 1cdf88d63ff8d154cbf3a20bb6db8b00, type: 2}
      propertyPath: TileOrgFirstColor.r
      value: .262745112
      objectReference: {fileID: 0}
    - target: {fileID: 11431912, guid: 1cdf88d63ff8d154cbf3a20bb6db8b00, type: 2}
      propertyPath: TileOrgFirstColor.g
      value: .435294122
      objectReference: {fileID: 0}
    - target: {fileID: 11431912, guid: 1cdf88d63ff8d154cbf3a20bb6db8b00, type: 2}
      propertyPath: TileOrgFirstColor.b
      value: .713725507
      objectReference: {fileID: 0}
    - target: {fileID: 11431912, guid: 1cdf88d63ff8d154cbf3a20bb6db8b00, type: 2}
      propertyPath: TileOrgFirstColor.a
      value: 1
      objectReference: {fileID: 0}
    - target: {fileID: 11431912, guid: 1cdf88d63ff8d154cbf3a20bb6db8b00, type: 2}
      propertyPath: TileFirstColor.r
      value: .262745112
      objectReference: {fileID: 0}
    - target: {fileID: 11431912, guid: 1cdf88d63ff8d154cbf3a20bb6db8b00, type: 2}
      propertyPath: TileFirstColor.g
      value: .435294122
      objectReference: {fileID: 0}
    - target: {fileID: 11431912, guid: 1cdf88d63ff8d154cbf3a20bb6db8b00, type: 2}
      propertyPath: TileFirstColor.b
      value: .713725507
      objectReference: {fileID: 0}
    - target: {fileID: 11431912, guid: 1cdf88d63ff8d154cbf3a20bb6db8b00, type: 2}
      propertyPath: TileOrgSecondColor.r
      value: .180392161
      objectReference: {fileID: 0}
    - target: {fileID: 11431912, guid: 1cdf88d63ff8d154cbf3a20bb6db8b00, type: 2}
      propertyPath: TileOrgSecondColor.g
      value: .321568638
      objectReference: {fileID: 0}
    - target: {fileID: 11431912, guid: 1cdf88d63ff8d154cbf3a20bb6db8b00, type: 2}
      propertyPath: TileOrgSecondColor.b
      value: .564705908
      objectReference: {fileID: 0}
    - target: {fileID: 11431912, guid: 1cdf88d63ff8d154cbf3a20bb6db8b00, type: 2}
      propertyPath: TileOrgSecondColor.a
      value: 1
      objectReference: {fileID: 0}
    - target: {fileID: 11431912, guid: 1cdf88d63ff8d154cbf3a20bb6db8b00, type: 2}
      propertyPath: TileSecondColor.r
      value: .180392161
      objectReference: {fileID: 0}
    - target: {fileID: 11431912, guid: 1cdf88d63ff8d154cbf3a20bb6db8b00, type: 2}
      propertyPath: TileSecondColor.g
      value: .321568638
      objectReference: {fileID: 0}
    - target: {fileID: 11431912, guid: 1cdf88d63ff8d154cbf3a20bb6db8b00, type: 2}
      propertyPath: TileSecondColor.b
      value: .564705908
      objectReference: {fileID: 0}
    - target: {fileID: 11415344, guid: 1cdf88d63ff8d154cbf3a20bb6db8b00, type: 2}
      propertyPath: TapUpAsButtonMessageName
      value: OnFacebookShareClicked
      objectReference: {fileID: 0}
    - target: {fileID: 11415344, guid: 1cdf88d63ff8d154cbf3a20bb6db8b00, type: 2}
      propertyPath: TargetGameObject
      value: 
      objectReference: {fileID: 224262271}
    m_RemovedComponents: []
  m_ParentPrefab: {fileID: 100100000, guid: 1cdf88d63ff8d154cbf3a20bb6db8b00, type: 2}
  m_IsPrefabParent: 0
--- !u!4 &2024644045 stripped
Transform:
  m_PrefabParentObject: {fileID: 442178, guid: 1cdf88d63ff8d154cbf3a20bb6db8b00, type: 2}
  m_PrefabInternal: {fileID: 2024644044}
--- !u!1001 &2143202686
Prefab:
  m_ObjectHideFlags: 0
  serializedVersion: 2
  m_Modification:
    m_TransformParent: {fileID: 1315419032}
    m_Modifications:
    - target: {fileID: 442178, guid: 1cdf88d63ff8d154cbf3a20bb6db8b00, type: 2}
      propertyPath: m_LocalPosition.x
      value: -2.09821391
      objectReference: {fileID: 0}
    - target: {fileID: 442178, guid: 1cdf88d63ff8d154cbf3a20bb6db8b00, type: 2}
      propertyPath: m_LocalPosition.y
      value: 0
      objectReference: {fileID: 0}
    - target: {fileID: 442178, guid: 1cdf88d63ff8d154cbf3a20bb6db8b00, type: 2}
      propertyPath: m_LocalPosition.z
      value: 0
      objectReference: {fileID: 0}
    - target: {fileID: 442178, guid: 1cdf88d63ff8d154cbf3a20bb6db8b00, type: 2}
      propertyPath: m_LocalRotation.x
      value: 0
      objectReference: {fileID: 0}
    - target: {fileID: 442178, guid: 1cdf88d63ff8d154cbf3a20bb6db8b00, type: 2}
      propertyPath: m_LocalRotation.y
      value: 0
      objectReference: {fileID: 0}
    - target: {fileID: 442178, guid: 1cdf88d63ff8d154cbf3a20bb6db8b00, type: 2}
      propertyPath: m_LocalRotation.z
      value: 0
      objectReference: {fileID: 0}
    - target: {fileID: 442178, guid: 1cdf88d63ff8d154cbf3a20bb6db8b00, type: 2}
      propertyPath: m_LocalRotation.w
      value: 1
      objectReference: {fileID: 0}
    - target: {fileID: 442178, guid: 1cdf88d63ff8d154cbf3a20bb6db8b00, type: 2}
      propertyPath: m_RootOrder
      value: 3
      objectReference: {fileID: 0}
    - target: {fileID: 139946, guid: 1cdf88d63ff8d154cbf3a20bb6db8b00, type: 2}
      propertyPath: m_Name
      value: BtnBack
      objectReference: {fileID: 0}
    - target: {fileID: 11431912, guid: 1cdf88d63ff8d154cbf3a20bb6db8b00, type: 2}
      propertyPath: TileOrgFirstColor.r
      value: .294117659
      objectReference: {fileID: 0}
    - target: {fileID: 11431912, guid: 1cdf88d63ff8d154cbf3a20bb6db8b00, type: 2}
      propertyPath: TileOrgFirstColor.g
      value: .227450982
      objectReference: {fileID: 0}
    - target: {fileID: 11431912, guid: 1cdf88d63ff8d154cbf3a20bb6db8b00, type: 2}
      propertyPath: TileOrgFirstColor.b
      value: .627451003
      objectReference: {fileID: 0}
    - target: {fileID: 11431912, guid: 1cdf88d63ff8d154cbf3a20bb6db8b00, type: 2}
      propertyPath: TileOrgFirstColor.a
      value: 1
      objectReference: {fileID: 0}
    - target: {fileID: 11431912, guid: 1cdf88d63ff8d154cbf3a20bb6db8b00, type: 2}
      propertyPath: TileFirstColor.r
      value: .294117659
      objectReference: {fileID: 0}
    - target: {fileID: 11431912, guid: 1cdf88d63ff8d154cbf3a20bb6db8b00, type: 2}
      propertyPath: TileFirstColor.g
      value: .227450982
      objectReference: {fileID: 0}
    - target: {fileID: 11431912, guid: 1cdf88d63ff8d154cbf3a20bb6db8b00, type: 2}
      propertyPath: TileFirstColor.b
      value: .627451003
      objectReference: {fileID: 0}
    - target: {fileID: 11431912, guid: 1cdf88d63ff8d154cbf3a20bb6db8b00, type: 2}
      propertyPath: TileOrgSecondColor.r
      value: .223529413
      objectReference: {fileID: 0}
    - target: {fileID: 11431912, guid: 1cdf88d63ff8d154cbf3a20bb6db8b00, type: 2}
      propertyPath: TileOrgSecondColor.g
      value: .172549024
      objectReference: {fileID: 0}
    - target: {fileID: 11431912, guid: 1cdf88d63ff8d154cbf3a20bb6db8b00, type: 2}
      propertyPath: TileOrgSecondColor.b
      value: .486274511
      objectReference: {fileID: 0}
    - target: {fileID: 11431912, guid: 1cdf88d63ff8d154cbf3a20bb6db8b00, type: 2}
      propertyPath: TileOrgSecondColor.a
      value: 1
      objectReference: {fileID: 0}
    - target: {fileID: 11431912, guid: 1cdf88d63ff8d154cbf3a20bb6db8b00, type: 2}
      propertyPath: TileSecondColor.r
      value: .223529413
      objectReference: {fileID: 0}
    - target: {fileID: 11431912, guid: 1cdf88d63ff8d154cbf3a20bb6db8b00, type: 2}
      propertyPath: TileSecondColor.g
      value: .172549024
      objectReference: {fileID: 0}
    - target: {fileID: 11431912, guid: 1cdf88d63ff8d154cbf3a20bb6db8b00, type: 2}
      propertyPath: TileSecondColor.b
      value: .486274511
      objectReference: {fileID: 0}
    - target: {fileID: 10249168, guid: 1cdf88d63ff8d154cbf3a20bb6db8b00, type: 2}
      propertyPath: m_Text
      value: Back
      objectReference: {fileID: 0}
    - target: {fileID: 11415344, guid: 1cdf88d63ff8d154cbf3a20bb6db8b00, type: 2}
      propertyPath: TapUpAsButtonMessageName
      value: OnExitClicked
      objectReference: {fileID: 0}
    - target: {fileID: 11415344, guid: 1cdf88d63ff8d154cbf3a20bb6db8b00, type: 2}
      propertyPath: TargetGameObject
      value: 
      objectReference: {fileID: 224262271}
    m_RemovedComponents: []
  m_ParentPrefab: {fileID: 100100000, guid: 1cdf88d63ff8d154cbf3a20bb6db8b00, type: 2}
  m_IsPrefabParent: 0
--- !u!4 &2143202687 stripped
Transform:
  m_PrefabParentObject: {fileID: 442178, guid: 1cdf88d63ff8d154cbf3a20bb6db8b00, type: 2}
  m_PrefabInternal: {fileID: 2143202686}
